@article{mitchell2016modern,
  title={The modern news consumer: News attitudes and practices in the digital era},
  author={Mitchell, Amy and Gottfried, Jeffrey and Barthel, Michael and Shearer, Elisa},
  year={2016},
  journal={Pew Research Center}
}

@article{benkler2020mail,
  title={Mail-in voter fraud: Anatomy of a disinformation campaign},
  author={Benkler, Yochai and Tilton, Casey and Etling, Bruce and Roberts, Hal and Clark, Justin and Faris, Robert and Kaiser, Jonas and Schmitt, Carolyn},
  journal={Available at SSRN},
  year={2020}
}

@article{allcott2017social,
  title={Social media and fake news in the 2016 election},
  author={Allcott, Hunt and Gentzkow, Matthew},
  journal={Journal of economic perspectives},
  volume={31},
  number={2},
  pages={211--36},
  year={2017}
}

@article{brulle30years,
  title={30 years ago global warming became front-page news--and both Republicans and Democrats took it seriously},
  author={Brulle, R},
  journal={The Conversation},
  year={2018}
}

@article{porter2019can,
  title={Can presidential misinformation on climate change be corrected? Evidence from Internet and phone experiments},
  author={Porter, Ethan and Wood, Thomas J and Bahador, Babak},
  journal={Research \& Politics},
  volume={6},
  number={3},
  pages={2053168019864784},
  year={2019},
  publisher={SAGE Publications Sage UK: London, England}
}

@article{featherstone2020feeling,
  title={Feeling angry: the effects of vaccine misinformation and refutational messages on negative emotions and vaccination attitude},
  author={Featherstone, Jieyu Ding and Zhang, Jingwen},
  journal={Journal of Health Communication},
  volume={25},
  number={9},
  pages={692--702},
  year={2020},
  publisher={Taylor \& Francis}
}

@article{lahouati2020spread,
  title={Spread of vaccine hesitancy in France: What about YouTube™?},
  author={Lahouati, Marin and De Coucy, Antoine and Sarlangue, Jean and Cazanave, Charles},
  journal={Vaccine},
  volume={38},
  number={36},
  pages={5779--5782},
  year={2020},
  publisher={Elsevier}
}

@article{fletcher2020information,
  title={Information inequality in the UK coronavirus communications crisis},
  author={Fletcher, Richard and Kalogeropoulos, Antonis and Simon, Felix M and Nielsen, Rasmus Kleis},
  journal={Reuters Institute for the Study of Journalism},
  year={2020}
}

@misc{donovan2020,
  title={House Intelligence Committee Open Virtual Hearing: “Misinformation, Conspiracy Theories, and ‘Infodemics’: Stopping the Spread Online”},
  author={Donovan, J. and Jankowicz, N. and Otis, C. and Smith, M.},
  year={2020},
  howpublished = "\url{https://intelligence.house.gov/news/documentsingle.aspx?DocumentID=1092}"
}

@article{heldt2019let,
  title={Let's Meet Halfway: Sharing New Responsibilities in a Digital Age},
  author={Heldt, Am{\'e}lie},
  journal={Journal of Information Policy},
  volume={9},
  pages={336--369},
  year={2019},
  publisher={JSTOR}
}

@article{allcott2019trends,
  title={Trends in the diffusion of misinformation on social media},
  author={Allcott, Hunt and Gentzkow, Matthew and Yu, Chuan},
  journal={Research \& Politics},
  volume={6},
  number={2},
  pages={2053168019848554},
  year={2019},
  publisher={SAGE Publications Sage UK: London, England}
}

@misc{kornbluh2020new,
  title={New Study by Digital New Deal Finds Engagement with Deceptive Outlets Higher on Facebook Today Than Run-up to 2016 Election. GMF The German Marshall Fund of the United States. Viitattu 16.12. 2020},
  author={Kornbluh, K and Goldstein, A and Weiner, E},
  year={2020}
}

@article{resnick2018iffy,
  title={Iffy quotient: A platform health metric for misinformation},
  author={Resnick, Paul and Ovadya, Aviv and Gilchrist, Garlin},
  journal={Center for Social Media Responsibility},
  volume={17},
  year={2018}
}

@article{team2020crowdtangle,
  title={CrowdTangle},
  author={Team, CrowdTangle},
  journal={Facebook, Menlo Park, California, United States},
  year={2021}  
}

@article{mena2020cleaning,
  title={Cleaning up social media: The effect of warning labels on likelihood of sharing false news on Facebook},
  author={Mena, Paul},
  journal={Policy \& internet},
  volume={12},
  number={2},
  pages={165--183},
  year={2020},
  publisher={Wiley Online Library}
}

@inproceedings{yaqub2020effects,
  title={Effects of credibility indicators on social media news sharing intent},
  author={Yaqub, Waheeb and Kakhidze, Otari and Brockman, Morgan L and Memon, Nasir and Patil, Sameer},
  booktitle={Proceedings of the 2020 chi conference on human factors in computing systems},
  pages={1--14},
  year={2020}
}


@article{rogers2020deplatforming,
  title={Deplatforming: Following extreme Internet celebrities to Telegram and alternative social media},
  author={Rogers, Richard},
  journal={European Journal of Communication},
  volume={35},
  number={3},
  pages={213--229},
  year={2020},
  publisher={SAGE Publications Sage UK: London, England}
}


@article{rauchfleisch2021deplatforming,
  title={Deplatforming the far-right: An analysis of YouTube and BitChute},
  author={Rauchfleisch, Adrian and Kaiser, Jonas},
  journal={Available at SSRN},
  year={2021}
}

@article{de2020internet,
  title={Internet Shutdowns in Africa| Internet Shutdowns and the Limits of Law},
  author={De Gregorio, Giovanni and Stremlau, Nicole},
  journal={International Journal of Communication},
  volume={14},
  pages={20},
  year={2020}
}

@article{pasquetto2020tackling,
  title={Tackling misinformation: What researchers could do with social media data},
  author={Pasquetto, Irene V and Swire-Thompson, Briony and Amazeen, Michelle A and Benevenuto, Fabr\'icio and Brashier, Nadia M and Bond, Robert M and Bozarth, Lia C and Budak, Ceren and Ecker, Ullrich KH and Fazio, Lisa K and others},
  journal={The Harvard Kennedy School Misinformation Review},
  year={2020},
  publisher={Shorenstein Center for Media, Politics and Public Policy, at Harvard~…}
}

@article{johnson2020online,
  title={The online competition between pro-and anti-vaccination views},
  author={Johnson, Neil F and Vel{\'a}squez, Nicolas and Restrepo, Nicholas Johnson and Leahy, Rhys and Gabriel, Nicholas and El Oud, Sara and Zheng, Minzhang and Manrique, Pedro and Wuchty, Stefan and Lupu, Yonatan},
  journal={Nature},
  volume={582},
  number={7811},
  pages={230--233},
  year={2020},
  publisher={Nature Publishing Group}
}














