@article{king2020new,
  title={A new model for industry--academic partnerships},
  author={King, Gary and Persily, Nathaniel},
  journal={PS: Political Science \& Politics},
  volume={53},
  number={4},
  pages={703--709},
  year={2020},
  publisher={Cambridge University Press},
  doi="10.1017/S1049096519001021"
}

@misc{messing2020facebook,
  title={Facebook Privacy-Protected Full URLs Data Set},
  author={Messing, Solomon and DeGregorio, Christina and Hillenbrand, Bennett and King, Gary and Mahanti, Saurav and Mukerjee, Zagreb and Nayak, Chaya and Persily, Nate and State, Bogdan and Wilkins, Arjun},
  year={2020},
  note={[data set], Havard Dataverse, V7},
  doi="10.7910/DVN/TDOAPG"
}
