@misc{mitchell2016modern,
  title={The modern news consumer: News attitudes and practices in the digital era},
  author={Mitchell, Amy and Gottfried, Jeffrey and Barthel, Michael and Shearer, Elisa},
  year={2016},
  publisher={Pew Research Center}
}

@article{benkler2020mail,
  title={Mail-in voter fraud: Anatomy of a disinformation campaign},
  author={Benkler, Yochai and Tilton, Casey and Etling, Bruce and Roberts, Hal and Clark, Justin and Faris, Robert and Kaiser, Jonas and Schmitt, Carolyn},
  journal={Available at SSRN},
  year={2020}
}

@article{allcott2017social,
  title={Social media and fake news in the 2016 election},
  author={Allcott, Hunt and Gentzkow, Matthew},
  journal={Journal of economic perspectives},
  volume={31},
  number={2},
  pages={211--36},
  year={2017}
}

@article{brulle30years,
  title={30 years ago global warming became front-page news--and both Republicans and Democrats took it seriously},
  author={Brulle, R},
  journal={The Conversation},
  year={2018}
}

@article{porter2019can,
  title={Can presidential misinformation on climate change be corrected? Evidence from Internet and phone experiments},
  author={Porter, Ethan and Wood, Thomas J and Bahador, Babak},
  journal={Research \& Politics},
  volume={6},
  number={3},
  pages={2053168019864784},
  year={2019},
  publisher={SAGE Publications Sage UK: London, England}
}

@article{featherstone2020feeling,
  title={Feeling angry: the effects of vaccine misinformation and refutational messages on negative emotions and vaccination attitude},
  author={Featherstone, Jieyu Ding and Zhang, Jingwen},
  journal={Journal of Health Communication},
  volume={25},
  number={9},
  pages={692--702},
  year={2020},
  publisher={Taylor \& Francis}
}

@article{lahouati2020spread,
  title={Spread of vaccine hesitancy in France: What about YouTube™?},
  author={Lahouati, Marin and De Coucy, Antoine and Sarlangue, Jean and Cazanave, Charles},
  journal={Vaccine},
  volume={38},
  number={36},
  pages={5779--5782},
  year={2020},
  publisher={Elsevier}
}

@article{fletcher2020information,
  title={Information inequality in the UK coronavirus communications crisis},
  author={Fletcher, Richard and Kalogeropoulos, Antonis and Simon, Felix M and Nielsen, Rasmus Kleis},
  journal={Reuters Institute for the Study of Journalism},
  year={2020}
}

@misc{donovan2020,
  title = {House Intelligence Committee Open Virtual Hearing: “Misinformation, Conspiracy Theories, and ‘Infodemics’: Stopping the Spread Online”},
  author={Donovan, J. and Jankowicz, N. and Otis, C. and Smith, M.},
  year={2020}
}

@article{heldt2019let,
  title={Let's Meet Halfway: Sharing New Responsibilities in a Digital Age},
  author={Heldt, Am{\'e}lie},
  journal={Journal of Information Policy},
  volume={9},
  pages={336--369},
  year={2019},
  publisher={JSTOR}
}

